@book{brown2012cohomology,
  title={Cohomology of groups},
  author={Brown, Kenneth S},
  volume={87},
  year={2012},
  publisher={Springer Science \& Business Media}
}

@book{cohen1989combinatorial,
  title={Combinatorial group theory: a topological approach},
  author={Cohen, Daniel E and Cohen, Daniel Ellis},
  volume={14},
  year={1989},
  publisher={Cambridge University Press}
}

@book{lyndon2015combinatorial,
  title={Combinatorial group theory},
  author={Lyndon, Roger C and Schupp, Paul E},
  year={2015},
  publisher={Springer}
}

@article{hatcher2002topology,
  title={Topology of numbers},
  author={Hatcher, Allen},
  journal={Unpublished manuscript, in preparation},
  year={2002}
}

@article{adem1998cohomology,
  title={On the Cohomology of $\mathbf{SL}_2 (\mathbb{Z}[1/p])$},
  author={Adem, Alejandro and Naffah, Nadim},
  journal={London Mathematical society lecture note series},
  pages={1--9},
  year={1998},
  publisher={Cambridge University Press}
}

@book{knudson2012homology,
  title={Homology of linear groups},
  author={Knudson, Kevin P},
  volume={193},
  year={2012},
  publisher={Birkh{\"a}user}
}

@article{bui2014homology,
  title={The homology of $\mathbf{SL}_2 (\mathbb{Z}[1/m])$ for small m},
  author={Bui, Anh Tuan and Ellis, Graham},
  journal={Journal of Algebra},
  volume={408},
  pages={102--108},
  year={2014},
  publisher={Elsevier}
}